@inproceedings{Zamyatin:2019:XClaim,
  author    = {Alexei Zamyatin and
               Dominik Harz and
               Joshua Lind and
               Panayiotis Panayiotou and
               Arthur Gervais and
               William J. Knottenbelt},
  title     = {{XCLAIM:} Trustless, Interoperable, Cryptocurrency-Backed Assets},
  booktitle = {2019 {IEEE} Symposium on Security and Privacy, {SP} 2019, San Francisco,
               CA, USA, May 19-23, 2019},
  pages     = {193--210},
  publisher = {{IEEE}},
  year      = {2019}
}


@misc{Kenny2020Visa,
  author = {Kenny Li},
  title = {The Blockchain Scalability Problem and the Race for Visa-Like Transaction Speed},
  year = {2019},
  month = {Jan},
  note = {Accessed: 2020-02-25},
  url = {https://hackernoon.com/the-blockchain-scalability-problem-the-race-for-visa-like-transaction-speed-5cce48f9d44}
}

@misc{Visa2020,
  author = {},
  title = {Visa Inc. at a Glance},
  year = {2015},
  month = {Dec},
  note = {Accessed: 2020-02-25},
  url = {https://usa.visa.com/dam/VCOM/download/corporate/media/visa-fact-sheet-Jun2015.pdf}
}


@misc{buterin2014ethereum,
  author = {Vitalik Buterin},
  title = {Ethereum: A next-generation smart contract and decentralized application platform},
  year = {2014},
  note = {Accessed: 2016-08-22},
  url = {https://github.com/ethereum/wiki/wiki/White-Paper}
}

@misc{wood2014ethereum,
  author = {Gavin Wood},
  title = {Ethereum: A secure decentralised generalised transaction ledger EIP-150 REVISION (759dccd - 2017-08-07)},
  journal = {Ethereum Project Yellow Paper},
  year = {2017},
  note = {Accessed: 2018-01-03},
  url = {https://ethereum.github.io/yellowpaper/paper.pdf},
}

@misc{nakamoto2008bitcoin,
  author = {Satoshi Nakamoto},
  title = {Bitcoin: A Peer-to-Peer Electronic Cash System},
  year = {2008},
  month = {Dec},
  note = {Accessed: 2015-07-01},
  url = {https://bitcoin.org/bitcoin.pdf},
}

@inproceedings {eclipseattack,
author = {Ethan Heilman and Alison Kendler and Aviv Zohar and Sharon Goldberg},
title = {Eclipse Attacks on Bitcoin's Peer-to-Peer Network},
booktitle = {24th {USENIX} Security Symposium ({USENIX} Security 15)},
year = {2015},
isbn = {978-1-939133-11-3},
address = {Washington, D.C.},
pages = {129--144},
url = {https://www.usenix.org/conference/usenixsecurity15/technical-sessions/presentation/heilman},
publisher = {{USENIX} Association},
month = aug,
}

@inproceedings{sharding, 
author = {Luu, Loi and Narayanan, Viswesh and Zheng, Chaodong and Baweja, Kunal and Gilbert, Seth and Saxena, Prateek}, 
title = {A Secure Sharding Protocol For Open Blockchains}, 
year = {2016}, 
isbn = {9781450341394}, publisher = {Association for Computing Machinery}, 
address = {New York, NY, USA}, 
url = {https://doi.org/10.1145/2976749.2978389}, 
doi = {10.1145/2976749.2978389}, 
booktitle = {Proceedings of the 2016 ACM SIGSAC Conference on Computer and Communications Security}, 
pages = {17–30}, 
numpages = {14}, keywords = {consensus protocol, bitcoin, sharding}, 
location = {Vienna, Austria}, series = {CCS ’16}
}

@article{gudgeon2019sok,
  title={SoK: Off The Chain Transactions.},
  author={Gudgeon, Lewis and Moreno-Sanchez, Pedro and Roos, Stefanie and McCorry, Patrick and Gervais, Arthur},
  journal={IACR Cryptology ePrint Archive},
  volume={2019},
  pages={360},
  year={2019}
}

@inproceedings{scaling,
author = {Croman, Kyle and Decker, Christian and Eyal, Ittay and Gencer, Adem Efe and Juels, Ari and Kosba, Ahmed and Miller, Andrew and Saxena, Prateek and Shi, Elaine and Sirer, Emin and Song, Dawn and Wattenhofer, Roger},
year = {2016},
month = {02},
pages = {106-125},
title = {On Scaling Decentralized Blockchains},
volume = {9604},
isbn = {978-3-662-53356-7},
journal = {Bitcoin and Blockchain}
}

@book{adams:1995:hitchhiker,
  title={The Hitchhiker's Guide to the Galaxy},
  author={Adams, D.},
  isbn={9781417642595},
  url={http://books.google.com/books?id=W-xMPgAACAAJ},
  year={1995},
  publisher={San Val}
}

@inproceedings{Maymounkov:2002:Kademila,
 author = {Maymounkov, Petar and Mazi\`{e}res, David},
 title = {Kademlia: A Peer-to-Peer Information System Based on the XOR Metric},
 booktitle = {Revised Papers from the First International Workshop on Peer-to-Peer Systems},
 series = {IPTPS '01},
 year = {2002},
 isbn = {3-540-44179-4},
 pages = {53--65},
 numpages = {13},
 url = {http://dl.acm.org/citation.cfm?id=646334.687801},
 acmid = {687801},
 publisher = {Springer-Verlag},
 address = {London, UK, UK},
}

@Article{Fuellbrunn:2012:CandleAuction,
  author={Sascha Füllbrunn and Abdolkarim Sadrieh},
  title={{Sudden Termination Auctions—An Experimental Study}},
  journal={Journal of Economics \& Management Strategy},
  year=2012,
  volume={21},
  number={2},
  pages={519-540},
  month={June},
  keywords={},
  doi={j.1530-9134.2012.00329.x},
  url={https://ideas.repec.org/a/bla/jemstr/v21y2012i2p519-540.html}
}

@inproceedings{Praos,
	title={Ouroboros {P}raos: An adaptively-secure, semi-synchronous proof-of-stake blockchain},
	author={David, Bernardo and Ga{\v{z}}i, Peter and Kiayias, Aggelos and Russell, Alexander},
	booktitle={Annual International Conference on the Theory and Applications of Cryptographic Techniques},
	pages={66--98},
	year={2018},
	organization={Springer},
	note = {\url{https://eprint.iacr.org/2017/573}},
}

@article{2016:Wood:Polkadot,
  author    = {Gavin Wood},
  title     = {Polkadot: Vision for a heterogeneous multi-chain framework},
  journal   = {White Paper},
  year      = {2016},
  url		= {https://polkadot.network/PolkaDotPaper.pdf}
} 

@inproceedings{vrfshort,
	title={A verifiable random function with short proofs and keys},
	author={Dodis, Yevgeniy and Yampolskiy, Aleksandr},
	booktitle={International Workshop on Public Key Cryptography},
	pages={416--431},
	year={2005},
	organization={Springer}
}

@inproceedings{backbone,
	title={The bitcoin backbone protocol: Analysis and applications},
	author={Garay, Juan and Kiayias, Aggelos and Leonardos, Nikos},
	booktitle={Annual International Conference on the Theory and Applications of Cryptographic Techniques},
	pages={281--310},
	year={2015},
	organization={Springer}
}

@misc{availandvalid,
	title={Availability and Validity Scheme},
	note={\url{https://research.web3.foundation/en/latest/polkadot/Availability_and_Validity/}}
}

@inproceedings{aura,
	title={Analysis of deterministic longest-chain protocols},
	author={Shi, Elaine},
	booktitle={2019 IEEE 32nd Computer Security Foundations Symposium (CSF)},
	pages={122--12213},
	year={2019},
	organization={IEEE}
}

@misc{consensusonclock,
	author = {Handan K{\i}l{\i}n\c{c} Alper},
	title = {Consensus on Clock in  Universally Composable Timing Model},
	howpublished = {Cryptology ePrint Archive, Report 2019/1348},
	year = {2019},
	note = {\url{https://eprint.iacr.org/2019/1348}},
}

@misc{babe,
	title={Blind Assignment for Blockchain Extension (BABE)},
	note={\url{https://research.web3.foundation/en/latest/polkadot/BABE/Babe/}}
}
@techreport{ntp,
	title={Network time protocol},
	author={Mills, David and others},
	year={1985},
	institution={RFC 958, M/A-COM Linkabit}
}

@inproceedings{brill2017phragmen,
  title={Phragm{\'e}n’s voting methods and justified representation},
  author={Brill, Markus and Freeman, Rupert and Janson, Svante and Lackner, Martin},
  booktitle={Thirty-First AAAI Conference on Artificial Intelligence},
  year={2017}
}

@article{sanchez2016maximin,
  title={The Maximin Support Method: An Extension of the D'Hondt Method to Approval-Based Multiwinner Elections},
  author={S{\'a}nchez-Fern{\'a}ndez, Luis and Fern{\'a}ndez, Norberto and Fisteus, Jes{\'u}s A and Brill, Markus},
  journal={arXiv preprint arXiv:1609.05370},
  year={2016}
}

@article{chitra2019competitive,
  title={Competitive equilibria between staking and on-chain lending},
  author={Chitra, Tarun},
  journal={arXiv preprint arXiv:2001.00919},
  year={2019}
}

@inproceedings{sanchez2017proportional,
  title={Proportional justified representation},
  author={S{\'a}nchez-Fern{\'a}ndez, Luis and Elkind, Edith and Lackner, Martin and Fern{\'a}ndez, Norberto and Fisteus, Jes{\'u}s A and Val, Pablo Basanta and Skowron, Piotr},
  booktitle={Thirty-First AAAI Conference on Artificial Intelligence},
  year={2017}
}

@article{availabilityETH2,
	title={Fraud and Data Availability Proofs: Maximising Light Client Security and Scaling Blockchains with Dishonest Majorities},
	author={Al-Bassam, Mustafa and Sonnino, Alberto and Buterin, Vitalik},
	journal={arXiv preprint arXiv:1809.09044},
	year={2018}
}

@article{NPoSpaper,
	title={Validator election in nominated proof-of-stake},
	author={Cevallos, Alfonso and Stewart, Alistair},
	journal={arXiv preprint arXiv:2004.12990},
	year={2020}
}